<record><leader>00000cas a2200000 a 4500</leader><controlfield tag="001">35453692</controlfield><controlfield tag="007">hd afb017bacp</controlfield><controlfield tag="007">hd bfb017baap</controlfield><controlfield tag="007">hd bfb017babp</controlfield><controlfield tag="008">960910d1878192ufluwr nea     0    0eng c</controlfield><datafield ind1=" " ind2=" " tag="010"><subfield code="a">sn 96027681 </subfield></datafield><datafield ind1=" " ind2=" " tag="040"><subfield code="a">FUG</subfield><subfield code="b">eng</subfield><subfield code="c">FUG</subfield><subfield code="d">OCLCQ</subfield><subfield code="d">OCLCF</subfield><subfield code="d">OCLCO</subfield></datafield><datafield ind1=" " ind2=" " tag="012"><subfield code="i">9609</subfield></datafield><datafield ind1="1" ind2=" " tag="029"><subfield code="a">AU@</subfield><subfield code="b">000012850357</subfield></datafield><datafield ind1=" " ind2=" " tag="037"><subfield code="b">George A. Smathers Libraries, University of Florida, Preservation Office, Gainesville, FL 32611</subfield></datafield><datafield ind1=" " ind2=" " tag="042"><subfield code="a">pcc</subfield></datafield><datafield ind1=" " ind2=" " tag="043"><subfield code="a">n-us-fl</subfield></datafield><datafield ind1="0" ind2=" " tag="130"><subfield code="a">Leesburg commercial (Leesburg, Fla. : 1878)</subfield></datafield><datafield ind1="1" ind2="4" tag="245"><subfield code="a">The Leesburg commercial</subfield><subfield code="h">[microform].</subfield></datafield><datafield ind1=" " ind2=" " tag="260"><subfield code="a">Leesburg, Fla. :</subfield><subfield code="b">[s.n.]</subfield></datafield><datafield ind1=" " ind2=" " tag="300"><subfield code="a">v. ;</subfield><subfield code="c">49 cm.</subfield></datafield><datafield ind1=" " ind2=" " tag="310"><subfield code="a">Weekly,</subfield><subfield code="b">&lt;Dec. 21, 1923-Dec. 17, 1926&gt;</subfield></datafield><datafield ind1=" " ind2=" " tag="321"><subfield code="a">Weekly,</subfield><subfield code="b">&lt;Feb. 25, 1886-July 29, 1921&gt;</subfield></datafield><datafield ind1=" " ind2=" " tag="321"><subfield code="a">Semiweekly,</subfield><subfield code="b">&lt;Jan. 10, 1922-Aug. 10, 1923&gt;</subfield></datafield><datafield ind1="1" ind2=" " tag="362"><subfield code="a">Began in 1878?</subfield></datafield><datafield ind1=" " ind2=" " tag="500"><subfield code="a">Editors: Jos. H.C. Pratt, Pierre d'A. Pratt, &lt;1886&gt;.</subfield></datafield><datafield ind1=" " ind2=" " tag="500"><subfield code="a">Published by: Pratt Bros. &amp; J.C. Luning, &lt;1887&gt;; and by: The South &amp; East Fla. Pub. Co., &lt;1892-1902&gt;; and by: Leesburg Pub. &amp; Print. Co., &lt;1923&gt;.</subfield></datafield><datafield ind1=" " ind2=" " tag="515"><subfield code="a">Numbering irregular.</subfield></datafield><datafield ind1=" " ind2=" " tag="588"><subfield code="a">Description based on: Vol. 1, no. 22 (Feb. 25, 1886).</subfield></datafield><datafield ind1=" " ind2=" " tag="588"><subfield code="a">Latest issue consulted: Vol. 51, no. 51 (Dec. 17, 1926).</subfield></datafield><datafield ind1=" " ind2=" " tag="533"><subfield code="a">Microfilm.</subfield><subfield code="m">Feb. 24, 1893-Dec. 17, 1926:[Gaps]</subfield><subfield code="b">Gainesville, FL :</subfield><subfield code="c">George A. Smathers Libraries, University of Florida,</subfield><subfield code="d">1992.</subfield><subfield code="e">2 microfilm reels ; 35 mm.</subfield></datafield><datafield ind1=" " ind2=" " tag="539"><subfield code="a">d</subfield><subfield code="b">1893</subfield><subfield code="c">1917</subfield><subfield code="d">flu</subfield><subfield code="e">u</subfield><subfield code="f">u</subfield><subfield code="g">a</subfield></datafield><datafield ind1=" " ind2="0" tag="651"><subfield code="a">Leesburg (Fla.)</subfield><subfield code="v">Newspapers.</subfield></datafield><datafield ind1=" " ind2="0" tag="651"><subfield code="a">Sumter County (Fla.)</subfield><subfield code="v">Newspapers.</subfield></datafield><datafield ind1=" " ind2="0" tag="651"><subfield code="a">Lake County (Fla.)</subfield><subfield code="v">Newspapers.</subfield></datafield><datafield ind1=" " ind2="7" tag="655"><subfield code="a">Newspapers.</subfield><subfield code="2">fast</subfield><subfield code="0">(OCoLC)fst01423814</subfield></datafield><datafield ind1=" " ind2="7" tag="651"><subfield code="a">Florida</subfield><subfield code="z">Lake County.</subfield><subfield code="2">fast</subfield><subfield code="0">(OCoLC)fst01211152</subfield></datafield><datafield ind1=" " ind2="7" tag="651"><subfield code="a">Florida</subfield><subfield code="z">Leesburg.</subfield><subfield code="2">fast</subfield><subfield code="0">(OCoLC)fst01216269</subfield></datafield><datafield ind1=" " ind2="7" tag="651"><subfield code="a">Florida</subfield><subfield code="z">Sumter County.</subfield><subfield code="2">fast</subfield><subfield code="0">(OCoLC)fst01215229</subfield></datafield><datafield ind1=" " ind2=" " tag="752"><subfield code="a">United States</subfield><subfield code="b">Florida</subfield><subfield code="c">Lake</subfield><subfield code="d">Leesburg.</subfield></datafield><datafield ind1=" " ind2=" " tag="752"><subfield code="a">United States</subfield><subfield code="b">Florida</subfield><subfield code="c">Sumter</subfield><subfield code="d">Leesburg.</subfield></datafield><datafield ind1="0" ind2=" " tag="775"><subfield code="t">Leesburg morning commercial</subfield><subfield code="h">[microform]</subfield><subfield code="w">(DLC)sn 96027682</subfield><subfield code="w">(OCoLC)35453693</subfield></datafield><datafield ind1="1" ind2=" " tag="776"><subfield code="c">Original</subfield><subfield code="w">(DLC)sn 85038372</subfield><subfield code="w">(OCoLC)12368992</subfield></datafield><datafield ind1="0" ind2="0" tag="780"><subfield code="t">Sumter County advance</subfield></datafield><datafield ind1="0" ind2="5" tag="780"><subfield code="t">Leesburger</subfield><subfield code="g">1891</subfield></datafield><datafield ind1=" " ind2=" " tag="850"><subfield code="a">FU</subfield><subfield code="a">FU (master)</subfield></datafield></record>